@article{Gasparrini2017,
    title = {{A penalized framework for distributed lag non-linear models}},
    year = {2017},
    journal = {Biometrics},
    author = {Gasparrini, Antonio and Scheipl, Fabian and Armstrong, Ben and Kenward, Michael G.},
    month = {1},
    url = {http://doi.wiley.com/10.1111/biom.12645},
    doi = {10.1111/biom.12645},
    issn = {0006341X},
    keywords = {distributed lag, exposure-lag-response, generalized additive models, latency, penalized splines}
}

@article{Makalic2015,
    title = {{A simple sampler for the horseshoe estimator}},
    year = {2015},
    journal = {IEEE Signal Processing Letters},
    author = {Makalic, Enes and Schmidt, Daniel F},
    number = {1},
    pages = {179--182},
    volume = {23},
    keywords = {Bayesian regression, Markov Chain Monte Carlo sampling., horseshoe estimator}
}

@article{Warren2020,
    title = {{A spatially varying distributed lag model with application to an air pollution and term low birth weight study}},
    year = {2020},
    journal = {Journal of the Royal Statistical Society Series C},
    author = {Warren, Joshua L. and Luben, Thomas J. and Chang, Howard H.},
    number = {3},
    pages = {681--696},
    volume = {69},
    doi = {:10.1111/rssc.12407},
    keywords = {Air pollution, Critical windows, Gaussian process, Spatially varying coefficients, Term low birth weight}
}

@article{Stieb2012,
    title = {{Ambient air pollution, birth weight and preterm birth: A systematic review and meta-analysis}},
    year = {2012},
    journal = {Environmental Research},
    author = {Stieb, David M. and Chen, Li and Eshoul, Maysoon and Judek, Stan},
    pages = {100--111},
    volume = {117},
    publisher = {Elsevier},
    url = {http://dx.doi.org/10.1016/j.envres.2012.05.007},
    isbn = {1096-0953 (Electronic){\textbackslash}n0013-9351 (Linking)},
    doi = {10.1016/j.envres.2012.05.007},
    issn = {00139351},
    pmid = {22726801},
    keywords = {Air pollution, Birth weight, Low birth weight, Meta-analysis, Premature birth}
}

@article{Starling2019,
    title = {{BART with targeted smoothing: An analysis of patient-specific stillbirth risk}},
    year = {2020},
    journal = {Annals of Applied Statistics},
    author = {Starling, Jennifer E and Murray, Jared S and Carvalho, Carlos M and Bukowski, Radek K. and Scott, James G},
    number = {1},
    pages = {28--50},
    volume = {14},
    doi = {10.1214/19-AOAS1268},
    issn = {19417330},
    arxivId = {1805.07656},
    keywords = {Bayesian additive regression tree, Ensemble method, Gaussian process, Regression tree, Regularization}
}

@article{Chipman2012,
    title = {{BART: Bayesian additive regression trees}},
    year = {2010},
    journal = {Annals of Applied Statistics},
    author = {Chipman, Hugh A. and George, Edward I. and McCulloch, Robert E.},
    number = {1},
    pages = {266--298},
    volume = {4},
    isbn = {1932-6157},
    doi = {10.1214/09-AOAS285},
    issn = {19326157},
    arxivId = {0806.3286},
    keywords = {Bayesian backfitting, Boosting, CART, Classification, Ensemble, MCMC, Nonparametric regression, Probit model, Random basis, Regularizatio, Sum-of-trees model, Variable selection, Weak learner}
}

@article{Hastie2000,
    title = {{Bayesian backfitting}},
    year = {2000},
    journal = {Statistical Science},
    author = {Hastie, Trevor and Tibshirani, Robert},
    number = {3},
    pages = {196--223},
    volume = {15},
    url = {https://projecteuclid.org/download/pdf_1/euclid.ss/1009212815},
    isbn = {0883-4237},
    doi = {10.1214/ss/1009212815},
    issn = {0883-4237},
    keywords = {Bayes, Gibbs sam-pling, Metropolis-Hastings procedure, and phrases: Additive models, backfitting, random effects}
}

@article{Chipman1998,
    title = {{Bayesian CART model search}},
    year = {1998},
    journal = {Journal of the American Statistical Association},
    author = {Chipman, Hugh A and George, Edward I. and McCulloch, Robert E.},
    number = {443},
    pages = {935--948},
    volume = {93},
    isbn = {01621459},
    doi = {10.1080/01621459.1998.10473750},
    issn = {1537274X},
    keywords = {Binary trees, Markov chain Monte Carlo, Mixture models, Model selection, Model uncertainty, Stochastic search}
}

@article{Wilson2017a,
    title = {{Bayesian distributed lag interaction models to identify perinatal windows of vulnerability in children's health.}},
    year = {2017},
    journal = {Biostatistics},
    author = {Wilson, Ander and Chiu, Yueh-Hsiu M. and Hsu, Hsiao-Hsien L. and Wright, Robert O and Wright, Rosalind J and Coull, Brent A},
    number = {3},
    pages = {537--552},
    volume = {18},
    url = {http://fdslive.oup.com/www.oup.com/pdf/production_in_progress.pdf http://www.ncbi.nlm.nih.gov/pubmed/28334179},
    doi = {10.1093/biostatistics/kxx002},
    issn = {1468-4357},
    pmid = {28334179},
    arxivId = {1612.05800},
    keywords = {Birth weight, Child asthma, Distributed lag models, Exposure effect heterogeneity, Fine particulate matter, Functional data analysis}
}

@article{Linero2018,
    title = {{Bayesian regression tree ensembles that adapt to smoothness and sparsity}},
    year = {2018},
    journal = {Journal of the Royal Statistical Society. Series B: Statistical Methodology},
    author = {Linero, Antonio R. and Yang, Yun},
    number = {5},
    pages = {1087--1110},
    volume = {80},
    doi = {10.1111/rssb.12293},
    issn = {14679868},
    keywords = {Bayesian additive regression trees, Bayesian non-parametrics, High dimensional regimes, Model averaging, Posterior consistency}
}

@article{Linero2018b,
    title = {{Bayesian regression trees for high-dimensional prediction and variable selection}},
    year = {2018},
    journal = {Journal of the American Statistical Association},
    author = {Linero, Antonio R.},
    number = {522},
    pages = {626--636},
    volume = {113},
    publisher = {Taylor {\&} Francis},
    url = {https://doi.org/10.1080/01621459.2016.1264957},
    doi = {10.1080/01621459.2016.1264957},
    issn = {1537274X},
    keywords = {Bayesian additive regression trees, Bayesian learning, Decision trees, Nonparametric regression, Random forests, Variable selection}
}

@article{Chipman2002,
    title = {{Bayesian treed models}},
    year = {2002},
    journal = {Machine Learning},
    author = {Chipman, Hugh A. and George, Edward I. and McCulloch, Robert E.},
    number = {1-3},
    pages = {299--320},
    volume = {48},
    isbn = {0885-6125},
    doi = {10.1023/A:1013916107446},
    issn = {08856125},
    keywords = {Binary trees, Markov chain Monte Carlo, Model selection, Stochastic search}
}

@article{Gasparrini2010,
    title = {{Distributed lag non-linear models}},
    year = {2010},
    journal = {Statistics in Medicine},
    author = {Gasparrini, Antonio and Armstrong, B and Kenward, M G},
    number = {21},
    pages = {2224--2234},
    volume = {29},
    isbn = {1097-0258 (Electronic){\textbackslash}r0277-6715 (Linking)},
    doi = {10.1002/sim.3940},
    issn = {02776715},
    pmid = {20812303},
    keywords = {Delayed effects, Distributed lag, Smoothing, Time series}
}

@article{Zanobetti2000,
    title = {{Generalized additive distributed lag models: quantifying mortality displacement.}},
    year = {2000},
    journal = {Biostatistics},
    author = {Zanobetti, A and Wand, M P and Schwartz, J and Ryan, L M},
    number = {3},
    pages = {279--292},
    volume = {1},
    isbn = {1465-4644 (Print){\textbackslash}r1465-4644 (Linking)},
    doi = {10.1093/biostatistics/1.3.279},
    issn = {1465-4644},
    pmid = {12933509},
    keywords = {DLM, environmental epidemiology, non-parametric regression, smoothing, time series}
}

@article{Polson2012,
    title = {{On the half-cauchy prior for a global scale parameter}},
    year = {2012},
    journal = {Bayesian Analysis},
    author = {Polson, Nicholas G. and Scott, James G.},
    number = {4},
    pages = {887--902},
    volume = {7},
    doi = {10.1214/12-BA730},
    issn = {19360975},
    keywords = {Hierarchical models, Normal scale mixtures, Shrinkage}
}

@article{Lee2017,
    title = {{Prenatal fine particulate exposure and early childhood asthma: Effect of maternal stress and fetal sex}},
    year = {2017},
    journal = {Journal of Allergy and Clinical Immunology},
    author = {Lee, Alison and Hsu, Hsiao-Hsien Leon and Chiu, Yueh-Hsiu Mathilda and Bose, Sonali and Rosa, Maria Jos√© and Kloog, Itai and Wilson, Ander and Schwartz, Joel and Cohen, Sheldon and Coull, Brent A and Wright, Robert O. and Wright, Rosalind J},
    number = {5},
    month = {8},
    pages = {1880--1886},
    volume = {141},
    publisher = {American Academy of Allergy, Asthma {\&} Immunology},
    url = {http://www.ncbi.nlm.nih.gov/pubmed/28801196 http://linkinghub.elsevier.com/retrieve/pii/S0091674917312733},
    doi = {10.1016/j.jaci.2017.07.017},
    issn = {00916749},
    pmid = {28801196},
    keywords = {ACCESS, AOD, BDLIM, BMI, Bayesian distributed lag interaction model, CRYSIS, Crisis in Family Systems-Revised Survey, DLM, IQR, LUR, NLEs, OR, PM2.5, aerosol optical depth, ambient air pollution, body mass index, childhood asthma, distributed lag model, interquartile range, land use regression, negative life events, odds ratio, particulate matter, prenatal stress, sex- and temporal-specific effects}
}

@article{Gelman2006,
    title = {{Prior distributions for variance parameters in hierarchical models}},
    year = {2006},
    journal = {Bayesian Analysis},
    author = {Gelman, Andrew},
    number = {3},
    pages = {515--534},
    volume = {1},
    doi = {10.1214/06-BA117A},
    issn = {19360975},
    keywords = {Bayesian inference, Conditional conjugacy, Folded-noncentral-t distribution, Half-t distribution, Hierarchical model, Multilevel model, Noninformative prior distribution, Weakly informative prior distribution}
}

@article{Carvalho2010,
    title = {{The horseshoe estimator for sparse signals}},
    year = {2010},
    journal = {Biometrika},
    author = {Carvalho, Carlos M. and Polson, Nicholas G. and Scott, James G.},
    number = {2},
    pages = {465--480},
    volume = {97},
    isbn = {0006-3444},
    doi = {10.1093/biomet/asq017},
    issn = {00063444},
    pmid = {20882103},
    keywords = {Normal scale mixture, Ridge regression, Robustness, Shrinkage, Sparsity, Thresholding}
}

@techreport{NationalInstituteofEnvironmentalHealthSciences20122012-2017Plan,
    title = {{2012-2017 Strategic Plan}},
    year = {2012},
    author = {{National Institute of Environmental Health Sciences}},
    keywords = {2012-2017 Strategic Plan - Advancing Science, Improving Health: A Plan for Environmental Health}
}

@article{Lamichhane2015AOutcomes,
    title = {{A meta-analysis of exposure to particulate matter and adverse birth outcomes}},
    year = {2015},
    journal = {Environmental Health and Toxicology},
    author = {Lamichhane, Dirga Kumar and Leem, Jong-Han and Lee, Ji-Young and Kim, Hwan-Cheol},
    month = {11},
    pages = {},
    volume = {30},
    publisher = {Korean Society of Environmental Health and Toxicology {\&} Korea Society for Environmental Analysis},
    url = {/pmc/articles/PMC4722965/ /pmc/articles/PMC4722965/?report=abstract https://www.ncbi.nlm.nih.gov/pmc/articles/PMC4722965/},
    doi = {10.5620/EHT.E2015011},
    pmid = {26796890}
}

@article{Berrocal2010AModels,
    title = {{A spatio-temporal downscaler for output from numerical models}},
    year = {2010},
    journal = {Journal of Agricultural, Biological, and Environmental Statistics},
    author = {Berrocal, Veronica J and Gelfand, Alan E and Holland, David M},
    number = {2},
    pages = {176--197},
    volume = {15},
    doi = {10.1007/s13253-009-0004-z},
    issn = {10857117},
    keywords = {Bayesian melding, Calibration, Markov chain Monte Carlo, Ordinary kriging, Spatial misalignment, Spatially varying coefficient model}
}

@article{Fenton2013AInfants,
    title = {{A systematic review and meta-analysis to revise the Fenton growth chart for preterm infants}},
    year = {2013},
    journal = {BMC Pediatrics},
    author = {Fenton, Tanis R and Kim, Jae H},
    number = {1},
    volume = {13},
    url = {http://www.biomedcentral.com/1471-2431/13/59},
    doi = {10.1186/1471-2431-13-59},
    issn = {14712431},
    pmid = {23601190},
    keywords = {Growth, Head circumference, Infant, Length, Percentile, Premature, Preterm infant, Weight, very low birth weight}
}

@article{Bell2007AmbientMassachusetts,
    title = {{Ambient Air Pollution and Low Birth Weight in Connecticut and Massachusetts}},
    year = {2007},
    journal = {Children's Health},
    author = {Bell, Michelle L. and Ebisu, Keita and Belanger, Kathleen},
    number = {7},
    pages = {1118--1124},
    volume = {115},
    url = {http://www.ehponline.},
    doi = {10.1289/ehp.9759}
}

@article{Sram2005AmbientLiterature,
    title = {{Ambient air pollution and pregnancy outcomes: A review of the literature}},
    year = {2005},
    journal = {Environmental Health Perspectives},
    author = {{\v{S}}r{\'{a}}m, Radim J. and Binkov{\'{a}}, Blanka and Dejmek, Jan and Bobak, Martin},
    number = {4},
    pages = {375--382},
    volume = {113},
    url = {http://dx.doi.org/},
    doi = {10.1289/ehp.6362},
    issn = {00916765},
    pmid = {15811825},
    keywords = {Air pollution, Intrauterine growth retardation, Low birth weight, Molecular epidemiology, PAHs, PM10, Particulate matter, Premature birth, Reproductive effects, SO2}
}

@article{Lakshmanan2015AssociationsIndex,
    title = {{Associations between prenatal traffic-related air pollution exposure and birth weight: Modification by sex and maternal pre-pregnancy body mass index}},
    year = {2015},
    journal = {Environmental Research},
    author = {Lakshmanan, Ashwini and Chiu, Yueh Hsiu Mathilda and Coull, Brent A. and Just, Allan C. and Maxwell, Sarah L. and Schwartz, Joel and Gryparis, Alexandros and Kloog, Itai and Wright, Rosalind J. and Wright, Robert O.},
    month = {2},
    pages = {268--277},
    volume = {137},
    publisher = {Academic Press},
    doi = {10.1016/J.ENVRES.2014.10.035},
    issn = {0013-9351},
    pmid = {25601728},
    keywords = {Birth weight, Body mass index, Prenatal exposure, Sex, Traffic-related air pollution}
}

@article{Watanabe2010AsymptoticTheory,
    title = {{Asymptotic Equivalence of Bayes Cross Validation and Widely Applicable Information Criterion in Singular Learning Theory}},
    year = {2010},
    journal = {Journal of Machine Learning Research},
    author = {Watanabe, Sumio},
    pages = {3571--3594},
    volume = {11},
    keywords = {birational invariant, cross-validation, information criterion, singular learning machine}
}

@article{Polson2013BayesianVariables,
    title = {{Bayesian inference for logistic models using P{\'{o}}lya-Gamma latent variables}},
    year = {2013},
    journal = {Journal of the American Statistical Association},
    author = {Polson, Nicholas G. and Scott, James G. and Windle, Jesse},
    number = {504},
    pages = {1339--1349},
    volume = {108},
    publisher = {American Statistical Association},
    url = {https://www.tandfonline.com/doi/abs/10.1080/01621459.2013.829001},
    doi = {10.1080/01621459.2013.829001/SUPPL{\_}FILE/UASA{\_}A{\_}829001{\_}SM7722.ZIP},
    issn = {1537274X},
    arxivId = {1205.0310},
    keywords = {Bayesian methods, Data augmentation, Logistic regression, Negative binomial regression, P{\'{o}}lya-Gamma distribution}
}

@article{Wilson2020BayesianRegression,
    title = {{Bayesian nonparametric monotone regression}},
    year = {2020},
    journal = {Environmetrics},
    author = {Wilson, Ander and Tryner, Jessica and L'Orange, Christian and Volckens, John},
    number = {8},
    month = {12},
    pages = {e2642},
    volume = {31},
    publisher = {John Wiley {\&} Sons, Ltd},
    url = {https://onlinelibrary.wiley.com/doi/full/10.1002/env.2642 https://onlinelibrary.wiley.com/doi/abs/10.1002/env.2642 https://onlinelibrary.wiley.com/doi/10.1002/env.2642},
    doi = {10.1002/ENV.2642},
    issn = {1099-095X},
    arxivId = {2006.00326},
    keywords = {Bernstein polynomials, Dirichlet process, aerosol monitors, fine particulate matter, monotone regression}
}

@article{Gramacy2012BayesianModeling,
    title = {{Bayesian Treed Gaussian Process Models With an Application to Computer Modeling an Application to Computer Modeling}},
    year = {2012},
    author = {Gramacy, Robert B and Lee, Herbert K H and Ramacy, Robert B G and Ee, Herbert K H L},
    volume = {1459},
    doi = {10.1198/016214508000000689},
    keywords = {computer simulator, heteroscedasticity, nonparametric regression, nonstationary spatial model, recursive partitioning}
}

@article{Genz2012ComparisonProbabilities,
    title = {{Comparison of Methods for the Computation of Multivariate t Probabilities}},
    year = {2012},
    journal = {https://doi.org/10.1198/106186002394},
    author = {Genz, Alan and Bretz, Frank},
    number = {4},
    pages = {950--971},
    volume = {11},
    publisher = {Taylor {\&} Francis},
    url = {https://www.tandfonline.com/doi/abs/10.1198/106186002394},
    doi = {10.1198/106186002394},
    issn = {15372715},
    keywords = {Multivariate t distribution, Noncentral distribution, Numerical integration, Statistical computation}
}

@article{Park2017ConstructionNHANES,
    title = {{Construction of environmental risk score beyond standard linear models using machine learning methods: Application to metal mixtures, oxidative stress and cardiovascular disease in NHANES}},
    year = {2017},
    journal = {Environmental Health},
    author = {Park, Sung Kyun and Zhao, Zhangchen and Mukherjee, Bhramar},
    number = {1},
    month = {9},
    pages = {1--17},
    volume = {16},
    publisher = {BioMed Central Ltd.},
    url = {https://ehjournal.biomedcentral.com/articles/10.1186/s12940-017-0310-9},
    doi = {10.1186/s12940-017-0310-9},
    issn = {1476069X},
    pmid = {28950902},
    keywords = {Bayesian additive regression tree (BART), Bayesian kernel machine regression (BKMR), Cardiovascular disease, Elastic-net, Environmental risk score (ERS), Machine learning, Metals, Mixtures, Multipollutants, Super Learner}
}

@article{Warren2020CriticalBirth,
    title = {{Critical window variable selection: Estimating the impact of air pollution on very preterm birth}},
    year = {2020},
    journal = {Biostatistics},
    author = {Warren, Joshua L and Kong, Wenjing and Luben, Thomas J and Chang, Howard H},
    number = {4},
    pages = {790--806},
    volume = {21},
    doi = {10.1093/biostatistics/kxz006},
    issn = {1465-4644},
    keywords = {bayesian variable selection, gaussian process, linear model of coregionalization}
}

@article{Li2015EfficientConstraints,
    title = {{Efficient sampling methods for truncated multivariate normal and student-t distributions subject to linear inequality constraints}},
    year = {2015},
    journal = {Journal of Statistical Theory and Practice 2015 9:4},
    author = {Li, Yifang and Ghosh, Sujit K.},
    number = {4},
    month = {12},
    pages = {712--732},
    volume = {9},
    publisher = {Springer},
    url = {https://link.springer.com/article/10.1080/15598608.2014.996690},
    doi = {10.1080/15598608.2014.996690},
    issn = {1559-8616},
    keywords = {Probability Theory and Stochastic Processes, Statistical Theory and Methods, Statistics, Truncated scale mixture of multivariate normal distribution., general}
}

@article{Wright2017EnvironmentHealth,
    title = {{Environment, susceptibility windows, development, and child health}},
    year = {2017},
    journal = {Current Opinion in Pediatrics},
    author = {Wright, Robert O},
    number = {2},
    pages = {211--217},
    volume = {29},
    url = {https://dohadsoc.org/},
    doi = {10.1097/MOP.0000000000000465},
    issn = {1531698X},
    pmid = {28107208},
    keywords = {environmental health, exposome, windows of susceptibility}
}

@article{Mork2022EstimatingPairs,
    title = {{Estimating Perinatal Critical Windows of Susceptibility to Environmental Mixtures via Structured Bayesian Regression Tree Pairs}},
    year = {2022},
    journal = {Biometrics, in press},
    author = {Mork, Daniel and Wilson, Ander},
    pages = {},
    url = {http://arxiv.org/abs/2102.09071},
    arxivId = {2102.09071},
    keywords = {air pollution, bayesian additive regression trees, birth outcomes, critical windows}
}

@article{Onathan2000Fine19871994,
    title = {{Fine Particulate Air Pollution and Mortality in 20 U.S. Cities, 1987‚Äì1994}},
    year = {2000},
    journal = {https://doi.org/10.1056/NEJM200012143432401},
    author = {Onathan, J and Amet, M S and Rancesca, F and Ominici, D and Rank, F and Urriero, C C and Cott, S and Eger, L Z},
    number = {24},
    month = {12},
    pages = {1742--1749},
    volume = {343},
    publisher = {Massachusetts Medical Society},
    url = {https://www.nejm.org/doi/full/10.1056/NEJM200012143432401},
    doi = {10.1056/NEJM200012143432401},
    issn = {0028-4793},
    pmid = {11114312}
}

@article{Mork2021HeterogeneousPollution,
    title = {{Heterogeneous Distributed Lag Models to Estimate Personalized Effects of Maternal Exposures to Air Pollution}},
    year = {2021},
    author = {Mork, Daniel and Kioumourtzoglou, Marianthi-Anna and Weisskopf, Marc and Coull, Brent A and Wilson, Ander},
    month = {9},
    url = {https://arxiv.org/abs/2109.13763v2},
    doi = {10.48550/arxiv.2109.13763},
    arxivId = {2109.13763}
}

@article{Odden2020HeterogeneousAdults,
    title = {{Heterogeneous exposure associations in observational cohort studies: The example of blood pressure in older adults}},
    year = {2020},
    journal = {American Journal of Epidemiology},
    author = {Odden, Michelle C. and Rawlings, Andreea M. and Khodadadi, Abtin and Fern, Xiaoli and Shlipak, Michael G. and Bibbins-Domingo, Kirsten and Covinsky, Kenneth and Kanaya, Alka M. and Lee, Anne and Haan, Mary N. and Newman, Anne B. and Psaty, Bruce M. and Peralta, Carmen A.},
    number = {1},
    pages = {55--67},
    volume = {189},
    doi = {10.1093/aje/kwz218},
    issn = {14766256},
    pmid = {31595960},
    keywords = {blood pressure, effect modification, epidemiologic methods, random forests}
}

@article{Gelman1992InferenceSequences,
    title = {{Inference from iterative simulation using multiple sequences}},
    year = {1992},
    journal = {Statistical Science},
    author = {Gelman, Andrew and Rubin, Donald B},
    number = {4},
    pages = {457--472},
    volume = {7},
    url = {http://www.jstor.org/about/terms.html.}
}

@article{Warren2018InvestigatingPregnancy,
    title = {{Investigating the impact of maternal residential mobility on identifying critical windows of susceptibility to ambient air pollution during pregnancy}},
    year = {2018},
    journal = {American Journal of Epidemiology},
    author = {Warren, Joshua L. and Son, Ji Young and Pereira, Gavin and Leaderer, Brian P. and Bell, Michelle L.},
    number = {5},
    month = {5},
    pages = {992--1000},
    volume = {187},
    publisher = {Oxford Academic},
    url = {https://academic.oup.com/aje/article/187/5/992/4557907},
    doi = {10.1093/AJE/KWX335},
    issn = {0002-9262},
    pmid = {29053768},
    keywords = {air pollution, datasets, low birth weight infant, misclassification, mothers, pregnancy, residential mobility}
}

@article{Gryparis2009MeasurementEpidemiology,
    title = {{Measurement error caused by spatial misalignment in environmental epidemiology}},
    year = {2009},
    journal = {Biostatistics},
    author = {Gryparis, Alexandros and Paciorek, Christopher J. and Zeka, Ariana and Schwartz, Joel and Coull, Brent A.},
    number = {2},
    month = {4},
    pages = {258--274},
    volume = {10},
    publisher = {Oxford Academic},
    url = {https://academic.oup.com/biostatistics/article/10/2/258/259883},
    doi = {10.1093/BIOSTATISTICS/KXN033},
    issn = {1465-4644},
    pmid = {18927119},
    keywords = {Air pollution, Measurement error, Predictions, Spatial misalignment}
}

@article{Ahmad2022Mother-levelCohort,
    title = {{Mother-level random effect in the association between PM 2.5 and fetal growth: A population-based pregnancy cohort}},
    year = {2022},
    journal = {Environmental Research},
    author = {Ahmad, Wiessam Abu and Nirel, Ronit and Golan, Rachel and Jolles, Maya and Kloog, Itai and Rotem, Ran and Negev, Maya and Koren, Gideon and Levine, Hagai},
    month = {2},
    pages = {112974},
    publisher = {Environ Res},
    url = {https://pubmed.ncbi.nlm.nih.gov/35192805/},
    doi = {10.1016/J.ENVRES.2022.112974},
    issn = {1096-0953},
    pmid = {35192805},
    keywords = {Hagai Levine, MEDLINE, NCBI, NIH, NLM, National Center for Biotechnology Information, National Institutes of Health, National Library of Medicine, PubMed Abstract, Ronit Nirel, Wiessam Abu Ahmad, doi:10.1016/j.envres.2022.112974, pmid:35192805}
}

@article{Lu2007OnEpidemiology,
    title = {{On the equivalence of case-crossover and time series methods in environmental epidemiology}},
    year = {2007},
    journal = {Biostatistics},
    author = {Lu, Yun and Zeger, Scott L.},
    number = {2},
    month = {4},
    pages = {337--344},
    volume = {8},
    publisher = {Oxford Academic},
    url = {https://academic.oup.com/biostatistics/article/8/2/337/231417},
    doi = {10.1093/BIOSTATISTICS/KXL013},
    issn = {1465-4644},
    pmid = {16809430},
    keywords = {Air pollution, Case-crossover design, Environmental epidemiology, Log-linear model, Overdispersion, Poisson regression, Time series}
}

@article{Wilson2017PotentialHealth,
    title = {{Potential for bias when estimating critical windows for air pollution in children‚Äôs health}},
    year = {2017},
    journal = {American Journal of Epidemiology},
    author = {Wilson, Ander and Chiu, Yueh-hsiu Mathilda and Hsu, Hsiao-hsien Leon and Wright, Robert O and Wright, Rosalind J and Coull, Brent A},
    number = {11},
    pages = {1281--1289},
    volume = {186},
    doi = {10.1093/aje/kwx184}
}

@article{Ae-Ngibise2019PrenatalAssociations,
    title = {{Prenatal maternal stress and birth outcomes in rural Ghana: Sex-specific associations}},
    year = {2019},
    journal = {BMC Pregnancy and Childbirth},
    author = {Ae-Ngibise, Kenneth Ayuurebobi and Wylie, Blair J. and Boamah-Kaali, Ellen and Jack, Darby W. and Oppong, Felix Boakye and Chillrud, Steven N. and Gyaase, Stephaney and Kaali, Seyram and Agyei, Oscar and Kinney, Patrick L. and Mujtaba, Mohammed and Wright, Rosalind J. and Asante, Kwaku Poku and Lee, Alison G.},
    number = {1},
    month = {10},
    pages = {1--8},
    volume = {19},
    publisher = {BioMed Central Ltd.},
    url = {https://link.springer.com/articles/10.1186/s12884-019-2535-9 https://link.springer.com/article/10.1186/s12884-019-2535-9},
    doi = {10.1186/S12884-019-2535-9/TABLES/4},
    issn = {14712393},
    pmid = {31664941},
    keywords = {Birth anthropometrics, Birth outcomes, Negative life events, Prenatal maternal stress, Sex-specific effects}
}

@article{Bose2017PrenatalSex,
    title = {{Prenatal nitrate exposure and childhood asthma. Influence of maternal prenatal stress and fetal sex}},
    year = {2017},
    journal = {American Journal of Respiratory and Critical Care Medicine},
    author = {Bose, Sonali and Chiu, Yueh Hsiu Mathilda and Hsu, Hsiao Hsien Leon and Di, Qian and Rosa, Maria Jos√© and Lee, Alison and Kloog, Itai and Wilson, Ander and Schwartz, Joel and Wright, Robert O. and Cohen, Sheldon and Coull, Brent A and Wright, Rosalind J},
    number = {11},
    pages = {1396--1403},
    volume = {196},
    url = {www.atsjournals.org},
    doi = {10.1164/rccm.201702-0421OC},
    issn = {15354970},
    pmid = {28661182},
    keywords = {Air pollution, Asthma, Nitrate, Prenatal, Sensitive window}
}

@article{Chiu2016PrenatalAssociations,
    title = {{Prenatal particulate air pollution and neurodevelopment in urban children: examining sensitive windows and sex-specific associations}},
    year = {2016},
    journal = {Environment International},
    author = {Chiu, Yueh-Hsiu Mathilda and Hsu, Hsiao-Hsien Leon and Coull, Brent A and Bellinger, David C and Kloog, Itai and Schwartz, Joel and Wright, Robert O and Wright, Rosalind J and Kravis', Mph and Hospital, Childrens and Author, Environ Int},
    pages = {56--65},
    volume = {87},
    isbn = {2122898569},
    doi = {10.1016/j.envint.2015.11.010},
    keywords = {air pollution, neurodevelopment, particulate matter, prenatal exposure, sensitive windows, sex-specific associations}
}

@article{Chiu2017PrenatalAssociations,
    title = {{Prenatal particulate air pollution exposure and body composition in urban preschool children: Examining sensitive windows and sex-specific associations}},
    year = {2017},
    journal = {Environmental Research},
    author = {Chiu, Mathilda Yueh-Hsiu and Hsu, Leon Hsiao-Hsien and Wilson, Ander and Coull, Brent A and Pendo, Mathew P and Baccarelli, Andrea and Kloog, Itai and Schwartz, Joel and Wright, Robert O and Taveras, Elsie and Wright, Rosalind J},
    pages = {798--805},
    volume = {158},
    doi = {10.1016/j.envres.2017.07.026},
    keywords = {anthropometry, child obesity, particulate matter, prenatal exposure, sensitive windows, sex difference}
}

@article{Warren2012Spatial-temporalExposure,
    title = {{Spatial-temporal modeling of the association between air pollution exposure and preterm birth: Identifying critical windows of exposure}},
    year = {2012},
    journal = {Biometrics},
    author = {Warren, Joshua and Fuentes, Montserrat and Herring, Amy and Langlois, Peter},
    number = {4},
    pages = {1157--1167},
    volume = {68},
    doi = {10.1111/j.1541-0420.2012.01774.x},
    issn = {0006341X},
    keywords = {Air pollution, Bayesian analysis, MCMC, Preterm birth, Probit regression, Spatial model}
}

@article{Taylor2016StatisticalWorkshop,
    title = {{Statistical Approaches for Assessing Health Effects of Environmental Chemical Mixtures in Epidemiology: Lessons from an Innovative Workshop}},
    year = {2016},
    journal = {Environmental Health Perspectives},
    author = {Taylor, Kyla W. and Joubert, Bonnie R. and Braun, Joe M. and Dilworth, Caroline and Gennings, Chris and Hauser, Russ and Heindel, Jerry J. and Rider, Cynthia V. and Webster, Thomas F. and Carlin, Danielle J.},
    number = {12},
    month = {12},
    pages = {227--229},
    volume = {124},
    publisher = {Public Health Services, US Dept of Health and Human Services},
    url = {https://ehp.niehs.nih.gov/doi/10.1289/EHP547},
    doi = {10.1289/EHP547},
    issn = {0091-6765}
}

@article{Sivaganesan2017SubgroupTrees,
    title = {{Subgroup finding via Bayesian additive regression trees}},
    year = {2017},
    journal = {Statistics in Medicine},
    author = {Sivaganesan, Siva and M{\"{u}}ller, Peter and Huang, Bin},
    number = {15},
    pages = {2391--2403},
    volume = {36},
    doi = {10.1002/sim.7276},
    issn = {10970258},
    keywords = {Bayesian analysis, subgroup analysis, utility}
}

@misc{Starling2021TargetedGestation,
    title = {{Targeted smooth Bayesian causal forests: An analysis of heterogeneous treatment effects for simultaneous vs. interval medical abortion regimens over gestation}},
    year = {2021},
    booktitle = {The Annals of Applied Statistics},
    author = {Starling, Jennifer E and Murray, Jared S and Lohr, Patricia A and Aiken, Abigail R.A. and Carvalho, Carlos M and Scott, James G},
    number = {3},
    pages = {1194--1219},
    volume = {15},
    issn = {23318422},
    arxivId = {1905.09405},
    keywords = {Bayesian additive regression tree, Causal inference, Gaussian process, Heterogeneous treatment effects, Regularization}
}

@article{Sun2016TheMeta-analysis,
    title = {{The associations between birth weight and exposure to fine particulate matter (PM2.5) and its chemical constituents during pregnancy: A meta-analysis}},
    year = {2016},
    journal = {Environmental Pollution},
    author = {Sun, Xiaoli and Luo, Xiping and Zhao, Chunmei and Zhang, Bo and Tao, Jun and Yang, Zuyao and Ma, Wenjun and Liu, Tao},
    month = {4},
    pages = {38--47},
    volume = {211},
    publisher = {Elsevier},
    doi = {10.1016/J.ENVPOL.2015.12.022},
    issn = {0269-7491},
    pmid = {26736054},
    keywords = {Air pollution, Birth weight, Chemical constitute, Fine particulate matter, Meta-analysis}
}

@article{Chu2022ThePollution,
    title = {{The immigrant birthweight paradox in an urban cohort: Role of immigrant enclaves and ambient air pollution}},
    year = {2022},
    journal = {Journal of Exposure Science {\&} Environmental Epidemiology},
    author = {Chu, My Dzung T. and Ettinger de Cuba, Stephanie and Fabian, M. Patricia and Lane, Kevin James and James-Todd, Tamarra and Williams, David R. and Coull, Brent A. and Carnes, Fei and Massaro, Marisa and Levy, Jonathan I. and Laden, Francine and Sandel, Megan and Adamkiewicz, Gary and Zanobetti, Antonella},
    pages = {1--12},
    publisher = {J Expo Sci Environ Epidemiol},
    url = {https://pubmed.ncbi.nlm.nih.gov/34980894/},
    doi = {10.1038/S41370-021-00403-8},
    issn = {1559-064X},
    pmid = {34980894},
    keywords = {Antonella Zanobetti, MEDLINE, MyDzung T Chu, NCBI, NIH, NLM, National Center for Biotechnology Information, National Institutes of Health, National Library of Medicine, PubMed Abstract, Stephanie Ettinger de Cuba, doi:10.1038/s41370-021-00403-8, pmid:34980894}
}

@article{Pons2048TheRegression,
    title = {{The impact of air pollution on birthweight: evidence from grouped quantile regression}},
    year = {2048},
    journal = {Empirical Economics},
    author = {Pons, Martina},
    volume = {62},
    url = {https://doi.org/10.1007/s00181-021-02048-w},
    doi = {10.1007/s00181-021-02048-w},
    keywords = {Air pollution, Birthweight, Infant health, Quantile regression}
}

@article{Samet2000TheIssues.,
    title = {{The National Morbidity, Mortality, and Air Pollution Study. Part I: Methods and methodologic issues.}},
    year = {2000},
    journal = {Research Report (Health Effects Institute)},
    author = {Samet, J. M. and Dominici, F. and Zeger, S. L. and Schwartz, J. and Dockery, D. W.},
    number = {94 Pt 1},
    month = {6},
    pages = {5--14},
    url = {https://europepmc.org/article/med/11098531},
    issn = {1041-5505},
    pmid = {11098531},
    keywords = {Europe PMC, Europe PubMed Central, ORCIDs, REST APIs, abstracts, bioinformatics, biological patents, biomedical journals, biomedical research, citation networks, citation search, clinical guidelines, full text, journal articles, life sciences, literature search, open access, research articles, text mining}
}

@article{Krimsky2017TheAct,
    title = {{The unsteady state and inertia of chemical regulation under the US Toxic Substances Control Act}},
    year = {2017},
    journal = {PLoS Biology},
    author = {Krimsky, Sheldon},
    number = {12},
    pages = {1--10},
    volume = {15},
    isbn = {1111111111},
    doi = {10.1371/journal.pbio.2002404},
    issn = {15457885},
    pmid = {29252997}
}

@article{Mork2022TreedModels,
    title = {{Treed distributed lag non-linear models}},
    year = {2022},
    journal = {Biostatistics, in press},
    author = {Mork, Daniel and Wilson, Ander},
    month = {10},
    url = {http://arxiv.org/abs/2010.06147},
    doi = {10.1093/biostatistics/kxaa051},
    issn = {23318422},
    arxivId = {2010.06147},
    keywords = {Air pollution, Children‚Äôs health, Critical windows, Distributed lag, Regression trees}
}

@article{Bleich2014VariableRegulation,
    title = {{Variable selection for BART: An application to gene regulation}},
    year = {2014},
    journal = {https://doi.org/10.1214/14-AOAS755},
    author = {Bleich, Justin and Kapelner, Adam and George, Edward I. and Jensen, Shane T.},
    number = {3},
    month = {9},
    pages = {1750--1781},
    volume = {8},
    publisher = {Institute of Mathematical Statistics},
    url = {https://projecteuclid.org/journals/annals-of-applied-statistics/volume-8/issue-3/Variable-selection-for-BART-An-application-to-gene-regulation/10.1214/14-AOAS755.full https://projecteuclid.org/journals/annals-of-applied-statistics/volume-8/issue-3/Variable-selection-for-BART-An-application-to-gene-regulation/10.1214/14-AOAS755.short},
    doi = {10.1214/14-AOAS755},
    issn = {1932-6157},
    arxivId = {1310.4887},
    keywords = {Bayesian learning, Nonparametric regression, Variable selection, decision trees, gene regulatory network, machine learning, permutation testing}
}

@article{Deshpande2020VCBART:Coefficients,
    title = {{VCBART: Bayesian trees for varying coefficients}},
    year = {2020},
    journal = {arXiv preprint arXiv:2003.06416},
    author = {Deshpande, Sameer K. and Bai, Ray and Balocchi, Cecilia and Starling, Jennifer E.},
    pages = {1--44},
    issn = {23318422},
    arxivId = {2003.06416}
}